@InProceedings{bimonadic,
  author       = {Thomas Schmitz and Dustin Rhodes and Thomas H. Austin and
    Kenneth Knowles and Cormac Flanagan},
  title        = {Faceted Dynamic Information Flow via Control and Data Monads},
  year         = 2016,
  booktitle    = {Principles of Security and Trust - 5th International
    Conference, {POST} 2016, Held as Part of the European Joint
      Conferences on Theory and Practice of Software, {ETAPS} 2016,
    Eindhoven, The Netherlands, April 2-8, 2016, Proceedings},
}

@inproceedings{ngo2018better,
  title={A Better Facet of Dynamic Information Flow Control},
  author={Ngo, Minh and Bielova, Nataliia and Flanagan, Cormac and Rezk, Tamara and Russo, Alejandro and Schmitz, Thomas},
  booktitle={WWW'18 Companion: The 2018 Web Conference Companion},
  pages={1--9},
  year={2018}
}

@inproceedings{algehed2019optimizing,
  title={Optimizing Faceted Secure Multi-Execution},
  author={Algehed, Maximilian and Russo, Alejandro and Flanagan, Cormac},
  booktitle={Computer Security Foundations Symposium (CSF'19)},
  year={2019},
  organization={IEEE}
}

@inproceedings{findler2006contracts,
  title={Contracts as pairs of projections},
  author={Findler, Robert Bruce and Blume, Matthias},
  booktitle={International Symposium on Functional and Logic Programming},
  pages={226--241},
  year={2006},
  organization={Springer}
}

@article{alpernas2018secure,
  title={Secure serverless computing using dynamic information flow control},
  author={Alpernas, Kalev and Flanagan, Cormac and Fouladi, Sadjad and Ryzhyk, Leonid and Sagiv, Mooly and Schmitz, Thomas and Winstein, Keith},
  journal={Proceedings of the ACM on Programming Languages},
  volume={2},
  number={OOPSLA},
  pages={118},
  year={2018},
  publisher={ACM}
}

@inproceedings{yang2016precise,
  title={Precise, dynamic information flow for database-backed applications},
  author={Yang, Jean and Hance, Travis and Austin, Thomas H and Solar-Lezama, Armando and Flanagan, Cormac and Chong, Stephen},
  booktitle={Proceedings of the ACM SIGPLAN Conference on Programming Language Design and Implementation (PLDI)},
  year={2016}
}

@inproceedings{cecchetti2017nonmalleable,
  title={Nonmalleable information flow control},
  author={Cecchetti, Ethan and Myers, Andrew C and Arden, Owen},
  booktitle={Proceedings of the 2017 ACM SIGSAC Conference on Computer and Communications Security},
  pages={1875--1891},
  year={2017},
  organization={ACM}
}

@inproceedings{schroeder1975engineering,
  title={Engineering a security kernel for multics},
  author={Schroeder, Michael D},
  booktitle={ACM SIGOPS Operating Systems Review},
  volume={9},
  number={5},
  pages={25--32},
  year={1975},
  organization={ACM}
}
